@article{AAM,
author	=	{A. Mahadev and D. Krupke and S. P. Fekete and A. T. Becker},
title	=	{Mapping, Foraging, and Coverage with a Particle Swarm Controlled by Uniform Inputs},
journal	=	{International Conference on Intelligent Robots and Systems}, 
year	=	{2017}, 
volume = {},
issue = {},
pages = {}
}